@online{SpringBootDocs,
  title={Spring Boot Reference Guide},
  year={2023},
  url={https://spring.io/projects/spring-boot}
}

@online{ReactDocs,
  title={React Documentation},
  year={2023},
  url={https://react.dev}
}

@online{TauriDocs,
  title={Tauri Documentation},
  year={2023},
  url={https://tauri.app}
}

@online{SvelteDocs,
  title={Svelte Documentation},
  year={2023},
  url={https://svelte.dev}
}

@online{DockerDocs,
  title={Docker Documentation},
  year={2023},
  url={https://docs.docker.com}
}

@online{PostgreSQLDocs,
  title={PostgreSQL Documentation},
  year={2023},
  url={https://www.postgresql.org/docs/}
}

@online{RabbitMQDocs,
  title={RabbitMQ Tutorials},
  year={2023},
  url={https://www.rabbitmq.com}
}

@online{RadixUIDocs,
  title={Radix UI Primitives},
  year={2023},
  url={https://www.radix-ui.com/primitives/docs}
}

@online{TremorDocs,
  title={Tremor React Components},
  year={2023},
  url={https://www.tremor.so}
}

@online{ReactQueryDocs,
  title={TanStack React Query},
  year={2023},
  url={https://tanstack.com/query}
}

@online{ZustandDocs,
  title={Zustand State Manager},
  year={2023},
  url={https://github.com/pmndrs/zustand}
}

@online{DndKitDocs,
  title={dnd-kit Documentation},
  year={2023},
  url={https://dndkit.com}
}

@online{SelectoDocs,
  title={Selecto Library},
  year={2023},
  url={https://daybrush.com/selecto/}
}

@online{RemixIconDocs,
  title={Remix Icon Library},
  year={2023},
  url={https://remixicon.com}
}

@online{baeldung-spring-alternatives,
  author = {Baeldung},
  title = {Why Choose Spring as Your Java Framework?},
  url = {https://www.baeldung.com/spring-why-to-choose},
  urldate = {2023-11-15}
}

@online{dbengines-comparison,
  author = {{DB-Engines}},
  title = {System Properties Comparison MySQL vs. Oracle vs. PostgreSQL},
  url = {https://db-engines.com/en/system/MySQL;Oracle;PostgreSQL},
  urldate = {2023-11-15}
}

@online{cloudamqp-rabbitmq-kafka,
  author = {{CloudAMQP}},
  title = {When to use RabbitMQ or Apache Kafka},
  year = {2023},
  url = {https://www.cloudamqp.com/blog/when-to-use-rabbitmq-or-apache-kafka.html},
  urldate = {2023-11-15}
}

@online{kinsta_github_stats,
    author = {Holcombe, J.},
    title = {Estadísticas Clave de GitHub en 2025 (Usuarios, Empleados y Tendencias)},
    year = {2025},
    url = {https://kinsta.com/es/blog/github-estadisticas/}
}


@online{appleton-vdom,
  author = {Appleton, Maggie},
  title = {What the Fork is the React Virtual DOM},
  url = {https://maggieappleton.com/react-vdom/}
}

@online{jones-dataflow,
  author = {Jones, William},
  title = {Conceptualizing React Components through Data flow Diagrams},
  url = {https://medium.com/@williamjonescodes/conceptualizing-react-through-data-flow-diagrams-91d0518d3d59}
}

@online{react-visualized,
  title = {React Visualized},
  url = {https://react.gg/visualized}
}

@online{mit-license,
  author = {{Open Source Initiative}},
  title = {MIT License},
  url = {https://opensource.org/license/mit}
}

@online{incibe-aviso,
  author = {{INCIBE}},
  title = {Cómo incluir información legal en tu página web y cumplir con la LOPDGDD},
  url = {https://www.incibe.es/empresas/blog/incluir-informacion-legal-tu-pagina-web-y-cumplir-lopdgdd}
}

@online{aepd-informar,
  author = {{Agencia Española de Protección de Datos}},
  title = {Guía para el cumplimiento del deber de informar},
  url = {https://www.aepd.es/guias/guia-modelo-clausula-informativa.pdf}
}

@online{aepd-ropa,
  author = {{Agencia Española de Protección de Datos}},
  title = {Modelo de registro de actividades de tratamiento},
  url = {https://www.aepd.es/guias/guia-rgpd-para-responsables-de-tratamiento.pdf}
}

@online{ens-rd311,
  author = {{BOE}},
  title = {Real Decreto 311/2022, Esquema Nacional de Seguridad},
  url = {https://www.boe.es/buscar/act.php?id=BOE-A-2022-14698}
}

@online{vadillo-web-legal,
  author = {{Grupo Vadillo Asesores}},
  title = {¿Qué aspectos legales debe cumplir una página web?},
  url = {https://www.grupovadillo.com/aspectos-legales-pagina-web/}
}

@online{incibe-aviso-legal,
    author = {{INCIBE}},
    title = {El aviso legal, una parte importante de tu web},
    year = {2021},
    url = {https://www.incibe.es/empresas/blog/aviso-legal-parte-importante-tu-web}
}

@online{tailwind-css,
  author = {{Tailwind Labs Inc.}},
  title = {Tailwind CSS},
  url = {https://tailwindcss.com/}
}

@online{radix-ui,
  author = {{WorkOS}},
  title = {Radix UI},
  url = {https://www.radix-ui.com/}
}

@online{tauri-app,
  author = {{Tauri}},
  title = {Tauri Framework},
  url = {https://tauri.app/}
}

@online{tremor,
    author = {Tremor},
    title = {Getting started installation},
    year = {2023},
    url = {https://www.tremor.so/docs/getting-started/installation}
}

@online{bitsrc_tokens_vs_cookies,
    author = {Yeh, R.},
    year = {2025},
    title = {Understanding Token Storage: Local Storage vs HttpOnly Cookies},
    url = {https://www.wisp.blog/blog/understanding-token-storage-local-storage-vs-httponly-cookies}
}

@online{auth0_token_best_practices,
    author = {Auth0},
    year = {2025},
    title = {Token Storage Best Practices},
    url = {https://auth0.com/docs/secure/security-guidance/data-security/token-storage}
}

@online{gdpr_cookies,
    author = {Koch, R.},
    year = {2025},
    title = {Cookies, the GDPR, and the ePrivacy Directive},
    url = {https://gdpr.eu/cookies}
}

@online{debounce_hook_react,
    author = {Shaviro, M.},
    year = {2021},
    title = {Implementing a Debounce Hook in React},
    url = {https://dev.to/matan3sh/implementing-a-debounce-hook-in-react-15ej}
}

@online{tauri_focus_bug,
    author = {bachrc},
    year = {2023},
    title = {Cannot have focus on Ubuntu GNOME \#6310},
    url = {https://github.com/tauri-apps/tauri/issues/6310}
}
